

@Comment{generado con gbTeXpublisher; databaseType:biblatex; fecha de creaciÃ³n: 30/05/2025;}